<?xml version="1.0" encoding="UTF-8"?><collection xmlns="http://www.loc.gov/MARC21/slim"><record><leader>00369nam--2200121-i-4500</leader><controlfield tag="001">000006164</controlfield><controlfield tag="002">20161230</controlfield><controlfield tag="005">20161230201026</controlfield><controlfield tag="008">060222s1000------------r-----000-0-eng-d</controlfield><datafield ind1=" " ind2=" " tag="100"><subfield code="a">Durrum, E.L., Zweig, G., Block, R.J</subfield></datafield><datafield ind1=" " ind2=" " tag="245"><subfield code="a">A manual of paper chromatography and paper electrophoresis. second edition</subfield></datafield><datafield ind1=" " ind2=" " tag="260"><subfield code="a">New York, Academic Press, Inc., 1958</subfield></datafield><datafield ind1=" " ind2=" " tag="490"><subfield code="a">Xi+710p</subfield></datafield></record></collection>